<?xml version="1.0" encoding="UTF-8"?><collection xmlns="http://www.loc.gov/MARC21/slim"><record><leader>00423nam--2200145-i-4500</leader><controlfield tag="001">000014639</controlfield><controlfield tag="002">20161230</controlfield><controlfield tag="005">20161230201030</controlfield><controlfield tag="008">060222s1000------------r-----000-0-eng-d</controlfield><datafield ind1=" " ind2=" " tag="080"><subfield code="a">621.3.049.77(075.8)</subfield></datafield><datafield ind1=" " ind2=" " tag="100"><subfield code="a">Manolescu, Anca Manuela /S.A.</subfield></datafield><datafield ind1=" " ind2=" " tag="245"><subfield code="a">Circuite integrate liniare</subfield></datafield><datafield ind1=" " ind2=" " tag="260"><subfield code="a">Bucuresti, Editura Didactica Si Pedagogica, 1983. 292 P</subfield></datafield><datafield ind1=" " ind2=" " tag="490"><subfield code="a">Ministerul Educatiei Si Invatamintului</subfield></datafield><datafield ind1=" " ind2=" " tag="852"><subfield code="a">71467</subfield></datafield></record></collection>